<?xml version="1.0" encoding="UTF-8"?><collection xmlns="http://www.loc.gov/MARC21/slim"><record><leader>00432nam--2200169-u-4500</leader><controlfield tag="001">000056820</controlfield><controlfield tag="002">20191030</controlfield><controlfield tag="005">20191030045033</controlfield><controlfield tag="008">191030s1000------------r-----000-0-eng-d</controlfield><datafield ind1=" " ind2=" " tag="041"><subfield code="a">eng</subfield></datafield><datafield ind1="1" ind2=" " tag="100"><subfield code="a">Arnold, V</subfield></datafield><datafield ind1="1" ind2="0" tag="245"><subfield code="a">Equations Differentielles Ordinaires</subfield><subfield code="c">V. Arnold</subfield></datafield><datafield ind1=" " ind2=" " tag="260"><subfield code="a">Moscou</subfield><subfield code="b">Editions MIR</subfield><subfield code="c">1974</subfield></datafield><datafield ind1=" " ind2=" " tag="300"><subfield code="a">268 P</subfield></datafield><datafield ind1=" " ind2=" " tag="500"><subfield code="a">DONATIE Gheorghe Dinescu</subfield></datafield><datafield ind1=" " ind2=" " tag="852"><subfield code="a">82714</subfield><subfield code="c">517.9</subfield></datafield><datafield ind1=" " ind2=" " tag="CAT"><subfield code="a">SYS</subfield><subfield code="c">20191030</subfield><subfield code="h">045033</subfield></datafield></record></collection>